2824 4507
1323 368 1347 449 (
1391 365 1447 450 vj
1498 365 1521 449 )

466 482 613 557 lem,
636 482 935 548 Odessam
956 534 970 555 ‚
992 483 1312 572 Sisopolim
1331 498 1393 549 et
1421 485 1712 555 Ineadam
1731 487 1790 551 in
1819 484 2100 573 Bulgarifi
2124 536 2139 561 ‚
2165 487 2396 550 iterium

469 611 871 698 Byzantium,
922 611 1260 700 Naupliam-
1294 614 1356 678 in
1394 611 1682 702 Argolide
1707 664 1722 689 ,
1774 613 2034 700 denique
2070 620 2278 680 rursus
2315 611 2398 676 ad

469 738 722 814 Melum,
758 739 920 804 unde
953 740 1012 803 in
1042 728 1298 806 Galliam
1325 741 1529 806 medio
1584 736 1820 808 octobri
1855 743 2107 830 regressi
2154 764 2386 807 sumus.

550 866 904 931 Muneribus
954 869 1211 932 nauticis
1279 881 1461 954 atque
1523 869 2051 936 observationibus
2108 881 2393 934 astrono-

463 990 637 1054 micis
667 991 881 1077 saepius
912 989 1239 1076 impeditus
1262 1014 1420 1055 sum.
1468 991 1757 1057 Attamen
1782 1042 1799 1067 ,
1834 991 2072 1057 favente
2106 992 2263 1057 duee
2293 992 2394 1077 ju-

464 1113 865 1200 vantibusque
882 1113 1233 1186 comitibus,
1253 1113 1457 1179 dulcia
1482 1115 1680 1180 studia
1706 1137 1830 1181 non
1856 1116 2030 1182 omisi
2052 1114 2400 1204 amoenam}

467 1261 585 1325 que
605 1240 924 1304 scientiam
943 1236 1145 1303 colere
1163 1239 1473 1305 interdum
1490 1238 1679 1306 licuit.
1693 1243 1783 1306 Ex
1800 1255 2063 1329 utroque
2074 1242 2288 1307 itinere
2302 1239 2399 1306 lo·-

471 1363 778 1451 cupletem
808 1360 1156 1451 plantarum
1180 1378 1451 1451 segetem
1478 1367 1817 1451 reportavi,
1846 1379 2186 1454 nongentas
2212 1366 2398 1431 circi—

467 1493 562 1552 ter
599 1487 868 1573 species;
918 1486 1119 1573 plures
1162 1455 1451 1574 equidem
1497 1487 1834 1576 descriptas
1859 1539 1875 1563 ,
1919 1487 2141 1554 multas
2188 1485 2396 1554 adhuc

468 1612 724 1678 rariores
755 1662 772 1687 ,
798 1611 1117 1678 nonnullas
1141 1612 1407 1699 denique
1441 1613 1693 1678 omnino
1726 1636 1935 1678 novas.

556 1743 674 1808 Pro
706 1707 955 1807 scientia
984 1739 1333 1806 nonnullius
1365 1742 1494 1806 fore
1529 1742 1826 1806 momenti
1862 1742 2013 1807 mihi
2045 1741 2394 1815 videbatur,

469 1864 517 1929 si
564 1862 907 1951 plantarum
945 1865 1331 1950 cognitarum
1371 1885 1561 1928 novas
1605 1863 1900 1928 adderem
1941 1864 2349 1930 habitationes
2373 1915 2389 1940 ‚

466 1990 517 2057 si
538 2011 834 2055 novarum
852 1990 1143 2076 stirpium
1181 1988 1391 2054 darem
1422 1989 1694 2075 phrasim
1720 1989 2190 2081 descriptivam;
2224 2010 2400 2075 coep-

470 2121 722 2193 tumque
753 2106 1094 2172 suadebant
1118 2108 1304 2195 ‘amici
1331 2108 1621 2174 scientiae.
1654 2105 1781 2172 Sed
1807 2107 2165 2172 muneribus
2188 2104 2401 2172 alienis

432 2218 826 2297 'incumbere
887 2242 1139 2298 coactus
1204 2231 1468 2320 jureque
1522 2230 1754 2297 viribus
1802 2228 2034 2296 diffisus
2086 2229 2399 2297 haerebam

474 2376 733 2443 semper.
778 2353 937 2418 Tum
984 2351 1211 2419 clariss·
1250 2354 1325 2421 D.
1375 2355 1452 2419 D.
1506 2349 1986 2421 Dsssrounmsss
2021 2368 2084 2420 et
2121 2355 2216 2422 Da
2260 2355 2405 2420 Jus-

473 2469 633 2557 sian,
661 2493 1012 2568 praestantes
1043 2481 1105 2544 in
1131 2480 1384 2544 scientia
1428 2482 1561 2557 viri,
1610 2504 1718 2545 sua
1768 2481 2066 2547 immensa
2116 2478 2401 2544 herbaria

472 2606 805 2673 evolvenda
834 2604 1242 2694 permiserunt
1273 2608 1515 2698 summa
1546 2583 1693 2669 cum
1720 2602 2147 2700 benevolentia
2187 2603 2389 2682 consi-

477 2726 677 2814 liaque
699 2723 1258 2813 suppeditaverunt.

566 2868 821 2955 insuper
845 2879 1073 2932 attenta
1110 2867 1384 2955 autopsia
1416 2866 1845 2944 herbariorum
1878 2863 2084 2931 Musaei
2115 2880 2177 2932 et
2204 2866 2404 2932 Tona-

476 3007 769 3053 Nnron‘rn
800 2985 1169 3071 iconumque
1187 2985 1436 3072 pictoris
1452 2985 1733 3052 Amnum·
1761 2985 1841 3050 ad
1852 2986 2085 3074 species
2110 2984 2405 3050 determi-

475 3108 710 3179 nandas
734 3109 1245 3196 synonymiasque
1278 3108 1629 3175 statuendas
1654 3109 1806 3175 mihi
1828 3132 1954 3175 non
1979 3114 2199 3196 parum
2223 3107 2400 3193 juvit.

477 3232 588 3297 His
616 3231 1023 3297 incitamentis
1054 3242 1280 3306 motuS‚
1309 3230 1402 3295 his
1426 3228 1659 3295 auxiliis
1691 3243 1907 3297 auctus
1932 3227 2080 3293 illud
2112 3250 2265 3315 opus
2297 3250 2406 3315 ag-

478 3352 648 3442 gredi
699 3377 879 3420 ausus
931 3375 1099 3446 sum5
1154 3350 1673 3423 Utinam‘selicihs
1711 3354 1928 3440 exequi
2014 3351 2163 3417 mihi
2197 3350 2409 3416 datum

469 3482 702 3547 suisset.

915 3621 1107 3670 Dabam
1139 3622 1347 3672 Lutetiae
1371 3622 1690 3684 Parisiorum,
1711 3623 1778 3672 D.
1807 3623 1861 3670 51
1896 3620 2178 3672 decembris
2211 3618 2351 3668 1821,
